@article{borger91:generators,
  author = {Börger, Reinhard, Tholen, Walter},
  journal = {Cahiers de Topologie et Géométrie Différentielle Catégoriques},
  keywords = {epic families; hom-functors; representation theorem; coproducts; generator},
  language = {eng},
  number = {3},
  pages = {257-276},
  publisher = {Dunod éditeur, publié avec le concours du CNRS},
  title = {Strong regular and dense generators},
  url = {http://eudml.org/doc/91482},
  volume = {32},
  year = {1991},
}

@article{lawvere63:functsem,
  author = {Lawvere, F. William},
  title = {Functorial semantics of algebraic theories},
  journal = {Proc. Nat. Acad. Sci. U.S.A.},
  year = {1963},
  volume = {50},
  pages = {869--872},
  mrclass = {18.10},
  mrnumber = {MR0158921 (28 \#2143)},
  mrreviewer = {M. Artin}
}

@book{adamek10:algebraic,
  title={Algebraic Theories: A Categorical Introduction to General Algebra},
  author={Ad{\'a}mek, J. and Rosick{\`y}, J. and Vitale, E.M. and Lawvere, F.W.},
  isbn={9781139491884},
  series={Cambridge Tracts in Mathematics},
  url={https://books.google.com/books?id=siNlAn8Bm30C},
  year={2010},
  publisher={Cambridge University Press}
}