
@misc{fra-0001,
title = {My forest},
author = {franktasi},


}


@misc{franktsai,
title = {Person: Frank Tsai},
author = {Anonymous},


}

